@misc{lemonde2025,
  author = {Le Monde},
  title = {Ukraine : Kiev lance une vaste attaque de drones contre quatre bases russes},
  year = {2025},
  url = {https://www.lemonde.fr/international/article/2025/06/03/ukraine-kiev-lance-une-vaste-attaque-de-drones-contre-quatre-bases-russes_6236000_3210.html}
}

@misc{lnr_p4,
  author = {Fabio},
  title = {LNR p4},
  year = {2018},
  url = {https://home.mis.u-picardie.fr/~fabio/Eng/documenti/Teaching/LNR18-19/LNR_p4.pdf}
}
